<record><leader>00000cas a22000007a 4500</leader><controlfield tag="001">16699936</controlfield><controlfield tag="008">870916d18381846msudn ne      0    0eng d</controlfield><datafield ind1=" " ind2=" " tag="010"><subfield code="a">sn 87065660 </subfield></datafield><datafield ind1=" " ind2=" " tag="040"><subfield code="a">MJA</subfield><subfield code="b">eng</subfield><subfield code="c">MJA</subfield><subfield code="d">MSJ</subfield><subfield code="d">LNP</subfield><subfield code="d">CRL</subfield><subfield code="d">OCL</subfield><subfield code="d">DLC</subfield><subfield code="d">OCLCQ</subfield><subfield code="d">OCLCF</subfield></datafield><datafield ind1="1" ind2=" " tag="029"><subfield code="a">AU@</subfield><subfield code="b">000020129143</subfield></datafield><datafield ind1=" " ind2=" " tag="042"><subfield code="a">msc</subfield></datafield><datafield ind1=" " ind2=" " tag="043"><subfield code="a">n-us-ms</subfield></datafield><datafield ind1="0" ind2="0" tag="050"><subfield code="a">Newspaper</subfield></datafield><datafield ind1="0" ind2="0" tag="245"><subfield code="a">Vicksburg daily sentinel.</subfield></datafield><datafield ind1="3" ind2="0" tag="246"><subfield code="a">Vicksburg sentinel tri-weekly</subfield></datafield><datafield ind1="3" ind2="0" tag="246"><subfield code="a">Vicksburg tri-weekly sentinel</subfield></datafield><datafield ind1="3" ind2="0" tag="246"><subfield code="a">Vicksburg sentinel</subfield></datafield><datafield ind1=" " ind2=" " tag="260"><subfield code="a">Vicksburg, Miss. :</subfield><subfield code="b">Hagan &amp; Patterson</subfield></datafield><datafield ind1=" " ind2=" " tag="300"><subfield code="a">v.</subfield></datafield><datafield ind1=" " ind2=" " tag="310"><subfield code="a">Daily (except Sun.),</subfield><subfield code="b">Nov. 8, 1841-&lt;Nov. 22, 1845&gt;</subfield></datafield><datafield ind1=" " ind2=" " tag="321"><subfield code="a">Daily (except Sun.), Oct. or Nov.-May or June; triweekly, May or June-Oct. or Nov.,</subfield><subfield code="b">&lt;May 15, 1838&gt;-Nov. 6, 1841</subfield></datafield><datafield ind1="1" ind2=" " tag="362"><subfield code="a">Began in 1838; ceased in 1846?</subfield></datafield><datafield ind1=" " ind2=" " tag="500"><subfield code="a">Title of triweekly edition varies: Vicksburg sentinel-tri-weekly, July 4-Oct. 8, 1838, and: Vicksburg tri-weekly sentinel, June 7, 1839-Nov. 6, 1841.</subfield></datafield><datafield ind1=" " ind2=" " tag="500"><subfield code="a">Published as: Vicksburg sentinel, Mar. 8, 1844-Nov. 7, 1845.</subfield></datafield><datafield ind1=" " ind2=" " tag="530"><subfield code="a">Also issued on microfilm from Mississippi State Dept. of Archives and History.</subfield></datafield><datafield ind1=" " ind2=" " tag="588"><subfield code="a">Description based on: Vol. 1, no. 97 (May 15, 1838).</subfield></datafield><datafield ind1=" " ind2="0" tag="651"><subfield code="a">Vicksburg (Miss.)</subfield><subfield code="v">Newspapers.</subfield></datafield><datafield ind1=" " ind2="7" tag="655"><subfield code="a">Newspapers.</subfield><subfield code="2">fast</subfield><subfield code="0">(OCoLC)fst01423814</subfield></datafield><datafield ind1=" " ind2="7" tag="651"><subfield code="a">Mississippi</subfield><subfield code="z">Vicksburg.</subfield><subfield code="2">fast</subfield><subfield code="0">(OCoLC)fst01204951</subfield></datafield><datafield ind1=" " ind2=" " tag="752"><subfield code="a">United States</subfield><subfield code="b">Mississippi</subfield><subfield code="c">Warren</subfield><subfield code="d">Vicksburg.</subfield></datafield><datafield ind1="0" ind2=" " tag="775"><subfield code="t">Sentinel and expositor</subfield><subfield code="w">(DLC)sn 84020008</subfield><subfield code="w">(OCoLC)2267623</subfield></datafield><datafield ind1="0" ind2="0" tag="785"><subfield code="t">Tri-weekly sentinel (Vicksburg, Miss.)</subfield><subfield code="w">(DLC)sn 87005661</subfield><subfield code="w">(OCoLC)16700854</subfield></datafield></record>